<?xml version="1.0" encoding="UTF-8"?><collection xmlns="http://www.loc.gov/MARC21/slim"><record><leader>00619nam--2200193-i-4500</leader><controlfield tag="001">000037518</controlfield><controlfield tag="002">20161230</controlfield><controlfield tag="005">20161230201041</controlfield><controlfield tag="008">060222s1000------------r-----000-0-eng-d</controlfield><datafield ind1=" " ind2=" " tag="020"><subfield code="a">9027722811</subfield></datafield><datafield ind1=" " ind2=" " tag="040"><subfield code="a">IFIN-HH</subfield></datafield><datafield ind1=" " ind2=" " tag="080"><subfield code="a">535.2(061.3)</subfield></datafield><datafield ind1="1" ind2=" " tag="100"><subfield code="a">Kujawski,Adam/S.A.</subfield></datafield><datafield ind1="1" ind2="0" tag="245"><subfield code="a">Quantum optics</subfield><subfield code="b">Proceedings of the vi international school of coherent optics september 19-26, 1985, uston (poland)</subfield><subfield code="c">ADAM KUJAWSKI; MACIEJ LEWENSTEIN (Eds.)</subfield></datafield><datafield ind1=" " ind2=" " tag="260"><subfield code="a">TOKYO</subfield><subfield code="b">D.Reidel Publishing Company</subfield><subfield code="c">1986</subfield></datafield><datafield ind1=" " ind2=" " tag="300"><subfield code="a">324P</subfield></datafield><datafield ind1="1" ind2=" " tag="700"><subfield code="a">Lewenstein, Maciej</subfield><subfield code="e">Ed</subfield></datafield><datafield ind1=" " ind2=" " tag="852"><subfield code="a">79279</subfield><subfield code="c">535</subfield></datafield><datafield ind1=" " ind2=" " tag="CAT"><subfield code="a">Sys</subfield><subfield code="c">20101129</subfield><subfield code="h">125219</subfield></datafield></record></collection>